@article{piotrowska2017loopix,
  title={The Loopix Anonymity System},
  author={Piotrowska, Ania and Hayes, Jamie and Elahi, Tariq and Meiser, Sebastian and Danezis, George},
  journal={arXiv preprint arXiv:1703.00536},
  year={2017}
}

@misc{torstinks,
  author = {National Security Agency},
  title = {{Tor Stinks}},
  howpublished = "\url{https://edwardsnowden.com/wp-content/uploads/2013/10/tor-stinks-presentation.pdf}",
  year = {2012}, 
  note = "[Online; accessed 1-October-2017]",
}

@inproceedings{danezis2009sphinx,
  title={Sphinx: A compact and provably secure mix format},
  author={Danezis, George and Goldberg, Ian},
  booktitle={Security and Privacy, 2009 30th IEEE Symposium on},
  pages={269--282},
  year={2009},
  organization={IEEE}
}