@article{piotrowska2017loopix,
  title={The Loopix Anonymity System},
  author={Piotrowska, Ania and Hayes, Jamie and Elahi, Tariq and Meiser, Sebastian and Danezis, George},
  journal={arXiv preprint arXiv:1703.00536},
  year={2017}
}

@inproceedings{danezis2009sphinx,
	title={Sphinx: A compact and provably secure mix format},
	author={Danezis, George and Goldberg, Ian},
	booktitle={Security and Privacy, 2009 30th IEEE Symposium on},
	pages={269--282},
	year={2009},
	organization={IEEE}
}

@misc{safecurves,
	title={SafeCurves: choosing safe curves for elliptic-curve cryptography},
	author={Daniel J. Bernstein and Tanja Lange},
	howpublished="\url{http://safecurves.cr.yp.to}",
	note= "accessed 1 November 2017"
}

@misc{torstinks,
  author = {National Security Agency},
  title = {{Tor Stinks}},
  howpublished = "\url{https://edwardsnowden.com/wp-content/uploads/2013/10/tor-stinks-presentation.pdf}",
  year = {2012}, 
  note = "[Online; accessed 1-October-2017]",
}

@techreport{RFC5480,
	author = {S. Turner and D. Brown and K. Yiu and R. Housley and T. Polk},
	title = {Elliptic Curve Cryptography Subject Public Key Information},
	howpublished = {Internet Requests for Comments},
	type = {RFC},
	number = {5480},
	year = {2009},
	month = {March},
	issn = {2070-1721},
	publisher = {RFC Editor},
	institution = {RFC Editor},
}

@inproceedings{anderson1996two,
	title={Two practical and provably secure block ciphers: BEAR and LION},
	author={Anderson, Ross and Biham, Eli},
	booktitle={International Workshop on Fast Software Encryption},
	pages={113--120},
	year={1996},
	organization={Springer}
}

@article{vergara2014energybox,
	title={Energybox: Disclosing the wireless transmission energy cost for mobile devices},
	author={Vergara, Ekhiotz Jon and Nadjm-Tehrani, Simin and Prihodko, Mihails},
	journal={Sustainable Computing: Informatics and Systems},
	volume={4},
	number={2},
	pages={118--135},
	year={2014},
	publisher={Elsevier}
}

@techreport{das2017anonymity,
	title={Anonymity Trilemma: Strong Anonymity, Low Bandwidth Overhead, Low Latencyâ€”Choose Two},
	author={Das, Debajyoti and Meiser, Sebastian and Mohammadi, Esfandiar and Kate, Aniket},
	year={2017},
	institution={ETH Zurich}
}

@techreport{dingledine2004tor,
	title={Tor: The second-generation onion router},
	author={Dingledine, Roger and Mathewson, Nick and Syverson, Paul},
	year={2004},
	institution={Naval Research Lab Washington DC}
}

@inproceedings{danezis2003mixminion,
	title={Mixminion: Design of a type III anonymous remailer protocol},
	author={Danezis, George and Dingledine, Roger and Mathewson, Nick},
	booktitle={Security and Privacy, 2003. Proceedings. 2003 Symposium on},
	pages={2--15},
	year={2003},
	organization={IEEE}
}